<record><leader>00000cas a2200000 a 4500</leader><controlfield tag="001">9291724</controlfield><controlfield tag="008">830308d18161833ncuwr ne      0    0eng c</controlfield><datafield ind1=" " ind2=" " tag="010"><subfield code="a">sn 83045025 </subfield><subfield code="z">sn 84020771 </subfield></datafield><datafield ind1=" " ind2=" " tag="040"><subfield code="a">CRL</subfield><subfield code="b">eng</subfield><subfield code="c">CRL</subfield><subfield code="d">NPW</subfield><subfield code="d">NPX</subfield><subfield code="d">DLC</subfield><subfield code="d">OCL</subfield><subfield code="d">MFN</subfield><subfield code="d">NVJ</subfield><subfield code="d">DLC</subfield><subfield code="d">NVJ</subfield><subfield code="d">CNW</subfield><subfield code="d">CNK</subfield><subfield code="d">FUG</subfield><subfield code="d">DLC</subfield><subfield code="d">OCL</subfield><subfield code="d">DLC</subfield><subfield code="d">OCLCQ</subfield><subfield code="d">CRL</subfield><subfield code="d">CUI</subfield><subfield code="d">OCLCQ</subfield><subfield code="d">OCLCF</subfield></datafield><datafield ind1=" " ind2=" " tag="019"><subfield code="a">11522165</subfield></datafield><datafield ind1="1" ind2=" " tag="029"><subfield code="a">AU@</subfield><subfield code="b">000026221680</subfield></datafield><datafield ind1=" " ind2=" " tag="042"><subfield code="a">pcc</subfield></datafield><datafield ind1=" " ind2=" " tag="043"><subfield code="a">n-us-nc</subfield></datafield><datafield ind1="0" ind2="0" tag="050"><subfield code="a">Newspaper</subfield></datafield><datafield ind1=" " ind2="4" tag="050"><subfield code="a">AN</subfield></datafield><datafield ind1="0" ind2="0" tag="245"><subfield code="a">Carolina observer.</subfield></datafield><datafield ind1="3" ind2="0" tag="246"><subfield code="a">Carolina observer and Fayetteville gazette</subfield></datafield><datafield ind1=" " ind2=" " tag="260"><subfield code="a">Fayetteville, N.C. :</subfield><subfield code="b">Francis W. Waldo</subfield></datafield><datafield ind1=" " ind2=" " tag="300"><subfield code="a">v.</subfield></datafield><datafield ind1=" " ind2=" " tag="310"><subfield code="a">Weekly</subfield></datafield><datafield ind1="1" ind2=" " tag="362"><subfield code="a">Began with June 20, 1816 issue; ceased in Jan. 1833.</subfield></datafield><datafield ind1=" " ind2=" " tag="500"><subfield code="a">Published as: Carolina observer and Fayetteville gazette, Jan. 2, 1823-Oct. 16, 1823.</subfield></datafield><datafield ind1=" " ind2=" " tag="530"><subfield code="a">Also issued on microfilm from North Carolina Dept. of Archives and History, and Readex Microfilm Products (filmed with other items).</subfield></datafield><datafield ind1=" " ind2=" " tag="588"><subfield code="a">Description based on: Vol. 1, no. 10 (Aug. 22, 1816).</subfield></datafield><datafield ind1=" " ind2=" " tag="588"><subfield code="a">Latest issue consulted: Vol. 1, no. 26 (Aug. 13, 1818).</subfield></datafield><datafield ind1=" " ind2="0" tag="651"><subfield code="a">Fayetteville (N.C.)</subfield><subfield code="v">Newspapers.</subfield></datafield><datafield ind1=" " ind2="0" tag="651"><subfield code="a">Cumberland County (N.C.)</subfield><subfield code="v">Newspapers.</subfield></datafield><datafield ind1=" " ind2="7" tag="655"><subfield code="a">Newspapers.</subfield><subfield code="2">fast</subfield><subfield code="0">(OCoLC)fst01423814</subfield></datafield><datafield ind1=" " ind2="7" tag="651"><subfield code="a">North Carolina</subfield><subfield code="z">Cumberland County.</subfield><subfield code="2">fast</subfield><subfield code="0">(OCoLC)fst01212201</subfield></datafield><datafield ind1=" " ind2="7" tag="651"><subfield code="a">North Carolina</subfield><subfield code="z">Fayetteville.</subfield><subfield code="2">fast</subfield><subfield code="0">(OCoLC)fst01204294</subfield></datafield><datafield ind1=" " ind2=" " tag="752"><subfield code="a">United States</subfield><subfield code="b">North Carolina</subfield><subfield code="c">Cumberland</subfield><subfield code="d">Fayetteville.</subfield></datafield><datafield ind1="0" ind2="8" tag="776"><subfield code="i">Online version:</subfield><subfield code="t">Carolina observer</subfield><subfield code="w">(OCoLC)613267742</subfield></datafield><datafield ind1="0" ind2="5" tag="780"><subfield code="t">Fayetteville gazette (Fayetteville, N.C. : 1820)</subfield><subfield code="w">(DLC)sn 91068149</subfield><subfield code="w">(OCoLC)24433672</subfield></datafield><datafield ind1="0" ind2="0" tag="785"><subfield code="t">Fayetteville observer (Fayetteville, N.C. : 1833)</subfield><subfield code="w">(DLC)sn 83045228</subfield><subfield code="w">(OCoLC)9713306</subfield></datafield></record>